%YAML 1.1
%TAG !u! tag:unity3d.com,2011:
--- !u!29 &1
SceneSettings:
  m_ObjectHideFlags: 0
  m_PVSData: 
  m_PVSObjectsArray: []
  m_PVSPortalsArray: []
  m_OcclusionBakeSettings:
    smallestOccluder: 5
    smallestHole: .25
    backfaceThreshold: 100
--- !u!104 &2
RenderSettings:
  m_Fog: 0
  m_FogColor: {r: .5, g: .5, b: .5, a: 1}
  m_FogMode: 3
  m_FogDensity: .00999999978
  m_LinearFogStart: 0
  m_LinearFogEnd: 300
  m_AmbientLight: {r: .200000003, g: .200000003, b: .200000003, a: 1}
  m_SkyboxMaterial: {fileID: 0}
  m_HaloStrength: .5
  m_FlareStrength: 1
  m_FlareFadeSpeed: 3
  m_HaloTexture: {fileID: 0}
  m_SpotCookie: {fileID: 0}
  m_ObjectHideFlags: 0
--- !u!127 &3
LevelGameManager:
  m_ObjectHideFlags: 0
--- !u!157 &4
LightmapSettings:
  m_ObjectHideFlags: 0
  m_LightProbes: {fileID: 0}
  m_Lightmaps: []
  m_LightmapsMode: 1
  m_BakedColorSpace: 0
  m_UseDualLightmapsInForward: 0
  m_LightmapEditorSettings:
    m_Resolution: 50
    m_LastUsedResolution: 0
    m_TextureWidth: 1024
    m_TextureHeight: 1024
    m_BounceBoost: 1
    m_BounceIntensity: 1
    m_SkyLightColor: {r: .860000014, g: .930000007, b: 1, a: 1}
    m_SkyLightIntensity: 0
    m_Quality: 0
    m_Bounces: 1
    m_FinalGatherRays: 1000
    m_FinalGatherContrastThreshold: .0500000007
    m_FinalGatherGradientThreshold: 0
    m_FinalGatherInterpolationPoints: 15
    m_AOAmount: 0
    m_AOMaxDistance: .100000001
    m_AOContrast: 1
    m_LODSurfaceMappingDistance: 1
    m_Padding: 0
    m_TextureCompression: 0
    m_LockAtlas: 0
--- !u!196 &5
NavMeshSettings:
  m_ObjectHideFlags: 0
  m_BuildSettings:
    agentRadius: .5
    agentHeight: 2
    agentSlope: 45
    agentClimb: .400000006
    ledgeDropHeight: 0
    maxJumpAcrossDistance: 0
    accuratePlacement: 0
    minRegionArea: 2
    widthInaccuracy: 16.666666
    heightInaccuracy: 10
  m_NavMesh: {fileID: 0}
--- !u!1 &174216091
GameObject:
  m_ObjectHideFlags: 0
  m_PrefabParentObject: {fileID: 0}
  m_PrefabInternal: {fileID: 0}
  serializedVersion: 4
  m_Component:
  - 4: {fileID: 174216092}
  - 114: {fileID: 174216094}
  - 114: {fileID: 174216093}
  m_Layer: 0
  m_Name: Level
  m_TagString: Untagged
  m_Icon: {fileID: 0}
  m_NavMeshLayer: 0
  m_StaticEditorFlags: 0
  m_IsActive: 1
--- !u!4 &174216092
Transform:
  m_ObjectHideFlags: 0
  m_PrefabParentObject: {fileID: 0}
  m_PrefabInternal: {fileID: 0}
  m_GameObject: {fileID: 174216091}
  m_LocalRotation: {x: 0, y: 0, z: 0, w: 1}
  m_LocalPosition: {x: 0, y: 0, z: 0}
  m_LocalScale: {x: 1, y: 1, z: 1}
  m_Children:
  - {fileID: 1655844618}
  - {fileID: 464650723}
  - {fileID: 450622029}
  m_Father: {fileID: 0}
  m_RootOrder: 1
--- !u!114 &174216093
MonoBehaviour:
  m_ObjectHideFlags: 0
  m_PrefabParentObject: {fileID: 0}
  m_PrefabInternal: {fileID: 0}
  m_GameObject: {fileID: 174216091}
  m_Enabled: 1
  m_EditorHideFlags: 0
  m_Script: {fileID: 11500000, guid: 31601dd43409947a9ae9992d82833e8b, type: 3}
  m_Name: 
  m_EditorClassIdentifier: 
  text: press keys
  duration: 1
--- !u!114 &174216094
MonoBehaviour:
  m_ObjectHideFlags: 0
  m_PrefabParentObject: {fileID: 0}
  m_PrefabInternal: {fileID: 0}
  m_GameObject: {fileID: 174216091}
  m_Enabled: 1
  m_EditorHideFlags: 0
  m_Script: {fileID: 11500000, guid: 7bb1a36fefb4a405fa8df83c003b7c58, type: 3}
  m_Name: 
  m_EditorClassIdentifier: 
  timeTillTrigger: .100000001
  loopTimer: 0
  event: 0
  otherObj: {fileID: 0}
--- !u!1 &345245955
GameObject:
  m_ObjectHideFlags: 0
  m_PrefabParentObject: {fileID: 100002, guid: e290ab5dc30874f9eaaa9611389f3e53, type: 2}
  m_PrefabInternal: {fileID: 947874389}
  serializedVersion: 4
  m_Component:
  - 4: {fileID: 345245957}
  - 212: {fileID: 345245956}
  m_Layer: 0
  m_Name: timer
  m_TagString: Untagged
  m_Icon: {fileID: 0}
  m_NavMeshLayer: 0
  m_StaticEditorFlags: 0
  m_IsActive: 1
--- !u!212 &345245956
SpriteRenderer:
  m_ObjectHideFlags: 0
  m_PrefabParentObject: {fileID: 21200000, guid: e290ab5dc30874f9eaaa9611389f3e53,
    type: 2}
  m_PrefabInternal: {fileID: 947874389}
  m_GameObject: {fileID: 345245955}
  m_Enabled: 1
  m_CastShadows: 0
  m_ReceiveShadows: 0
  m_LightmapIndex: 255
  m_LightmapTilingOffset: {x: 1, y: 1, z: 0, w: 0}
  m_Materials:
  - {fileID: 10754, guid: 0000000000000000e000000000000000, type: 0}
  m_SubsetIndices: 
  m_StaticBatchRoot: {fileID: 0}
  m_UseLightProbes: 0
  m_LightProbeAnchor: {fileID: 0}
  m_ScaleInLightmap: 1
  m_SortingLayerID: 149755413
  m_SortingOrder: 0
  m_Sprite: {fileID: 21300000, guid: 07e12d0baa6fb42a0abed476763cf794, type: 3}
  m_Color: {r: 1, g: 1, b: 1, a: 1}
--- !u!4 &345245957
Transform:
  m_ObjectHideFlags: 0
  m_PrefabParentObject: {fileID: 400002, guid: e290ab5dc30874f9eaaa9611389f3e53, type: 2}
  m_PrefabInternal: {fileID: 947874389}
  m_GameObject: {fileID: 345245955}
  m_LocalRotation: {x: 0, y: 0, z: 0, w: 1}
  m_LocalPosition: {x: -5, y: -5, z: 0}
  m_LocalScale: {x: 62.5, y: 1, z: 1}
  m_Children: []
  m_Father: {fileID: 1452640095}
  m_RootOrder: 1
--- !u!1 &450622028
GameObject:
  m_ObjectHideFlags: 0
  m_PrefabParentObject: {fileID: 0}
  m_PrefabInternal: {fileID: 0}
  serializedVersion: 4
  m_Component:
  - 4: {fileID: 450622029}
  - 212: {fileID: 450622032}
  - 114: {fileID: 450622031}
  - 114: {fileID: 450622030}
  - 114: {fileID: 450622033}
  m_Layer: 0
  m_Name: Keys_Y
  m_TagString: Untagged
  m_Icon: {fileID: 0}
  m_NavMeshLayer: 0
  m_StaticEditorFlags: 0
  m_IsActive: 1
--- !u!4 &450622029
Transform:
  m_ObjectHideFlags: 0
  m_PrefabParentObject: {fileID: 0}
  m_PrefabInternal: {fileID: 0}
  m_GameObject: {fileID: 450622028}
  m_LocalRotation: {x: 0, y: 0, z: 0, w: 1}
  m_LocalPosition: {x: 1, y: 0, z: 0}
  m_LocalScale: {x: 1, y: 1, z: 1}
  m_Children: []
  m_Father: {fileID: 174216092}
  m_RootOrder: 2
--- !u!114 &450622030
MonoBehaviour:
  m_ObjectHideFlags: 0
  m_PrefabParentObject: {fileID: 0}
  m_PrefabInternal: {fileID: 0}
  m_GameObject: {fileID: 450622028}
  m_Enabled: 1
  m_EditorHideFlags: 0
  m_Script: {fileID: 11500000, guid: deafd4a1e364d4cde943eed23acfa3f5, type: 3}
  m_Name: 
  m_EditorClassIdentifier: 
  points: 3
--- !u!114 &450622031
MonoBehaviour:
  m_ObjectHideFlags: 0
  m_PrefabParentObject: {fileID: 0}
  m_PrefabInternal: {fileID: 0}
  m_GameObject: {fileID: 450622028}
  m_Enabled: 1
  m_EditorHideFlags: 0
  m_Script: {fileID: 11500000, guid: 80470dc46d9a14a4dab9e3e7c01c3ead, type: 3}
  m_Name: 
  m_EditorClassIdentifier: 
  key: y
  event: 0
  otherObj: {fileID: 0}
--- !u!212 &450622032
SpriteRenderer:
  m_ObjectHideFlags: 0
  m_PrefabParentObject: {fileID: 0}
  m_PrefabInternal: {fileID: 0}
  m_GameObject: {fileID: 450622028}
  m_Enabled: 1
  m_CastShadows: 0
  m_ReceiveShadows: 0
  m_LightmapIndex: 255
  m_LightmapTilingOffset: {x: 1, y: 1, z: 0, w: 0}
  m_Materials:
  - {fileID: 10754, guid: 0000000000000000e000000000000000, type: 0}
  m_SubsetIndices: 
  m_StaticBatchRoot: {fileID: 0}
  m_UseLightProbes: 0
  m_LightProbeAnchor: {fileID: 0}
  m_ScaleInLightmap: 1
  m_SortingLayerID: 0
  m_SortingOrder: 0
  m_Sprite: {fileID: 21300004, guid: 9fd3ad00a6f4c4b8c9b631104cd91534, type: 3}
  m_Color: {r: 1, g: 1, b: 1, a: 1}
--- !u!114 &450622033
MonoBehaviour:
  m_ObjectHideFlags: 0
  m_PrefabParentObject: {fileID: 0}
  m_PrefabInternal: {fileID: 0}
  m_GameObject: {fileID: 450622028}
  m_Enabled: 1
  m_EditorHideFlags: 0
  m_Script: {fileID: 11500000, guid: 43f82d9ce92624e1bac5103ad642915d, type: 3}
  m_Name: 
  m_EditorClassIdentifier: 
--- !u!1 &464650722
GameObject:
  m_ObjectHideFlags: 0
  m_PrefabParentObject: {fileID: 0}
  m_PrefabInternal: {fileID: 0}
  serializedVersion: 4
  m_Component:
  - 4: {fileID: 464650723}
  - 212: {fileID: 464650726}
  - 114: {fileID: 464650725}
  - 114: {fileID: 464650724}
  - 114: {fileID: 464650727}
  m_Layer: 0
  m_Name: Keys_E
  m_TagString: Untagged
  m_Icon: {fileID: 0}
  m_NavMeshLayer: 0
  m_StaticEditorFlags: 0
  m_IsActive: 1
--- !u!4 &464650723
Transform:
  m_ObjectHideFlags: 0
  m_PrefabParentObject: {fileID: 0}
  m_PrefabInternal: {fileID: 0}
  m_GameObject: {fileID: 464650722}
  m_LocalRotation: {x: 0, y: 0, z: 0, w: 1}
  m_LocalPosition: {x: 0, y: 0, z: 0}
  m_LocalScale: {x: 1, y: 1, z: 1}
  m_Children: []
  m_Father: {fileID: 174216092}
  m_RootOrder: 1
--- !u!114 &464650724
MonoBehaviour:
  m_ObjectHideFlags: 0
  m_PrefabParentObject: {fileID: 0}
  m_PrefabInternal: {fileID: 0}
  m_GameObject: {fileID: 464650722}
  m_Enabled: 1
  m_EditorHideFlags: 0
  m_Script: {fileID: 11500000, guid: deafd4a1e364d4cde943eed23acfa3f5, type: 3}
  m_Name: 
  m_EditorClassIdentifier: 
  points: 3
--- !u!114 &464650725
MonoBehaviour:
  m_ObjectHideFlags: 0
  m_PrefabParentObject: {fileID: 0}
  m_PrefabInternal: {fileID: 0}
  m_GameObject: {fileID: 464650722}
  m_Enabled: 1
  m_EditorHideFlags: 0
  m_Script: {fileID: 11500000, guid: 80470dc46d9a14a4dab9e3e7c01c3ead, type: 3}
  m_Name: 
  m_EditorClassIdentifier: 
  key: e
  event: 0
  otherObj: {fileID: 0}
--- !u!212 &464650726
SpriteRenderer:
  m_ObjectHideFlags: 0
  m_PrefabParentObject: {fileID: 0}
  m_PrefabInternal: {fileID: 0}
  m_GameObject: {fileID: 464650722}
  m_Enabled: 1
  m_CastShadows: 0
  m_ReceiveShadows: 0
  m_LightmapIndex: 255
  m_LightmapTilingOffset: {x: 1, y: 1, z: 0, w: 0}
  m_Materials:
  - {fileID: 10754, guid: 0000000000000000e000000000000000, type: 0}
  m_SubsetIndices: 
  m_StaticBatchRoot: {fileID: 0}
  m_UseLightProbes: 0
  m_LightProbeAnchor: {fileID: 0}
  m_ScaleInLightmap: 1
  m_SortingLayerID: 0
  m_SortingOrder: 0
  m_Sprite: {fileID: 21300002, guid: 9fd3ad00a6f4c4b8c9b631104cd91534, type: 3}
  m_Color: {r: 1, g: 1, b: 1, a: 1}
--- !u!114 &464650727
MonoBehaviour:
  m_ObjectHideFlags: 0
  m_PrefabParentObject: {fileID: 0}
  m_PrefabInternal: {fileID: 0}
  m_GameObject: {fileID: 464650722}
  m_Enabled: 1
  m_EditorHideFlags: 0
  m_Script: {fileID: 11500000, guid: f4b457e8147134aa1a1a4af2e6b39dd0, type: 3}
  m_Name: 
  m_EditorClassIdentifier: 
  changeToPrefab: {fileID: 400000, guid: 2c1644f62e0b44cf99c596d6591497c9, type: 2}
--- !u!1 &577834486
GameObject:
  m_ObjectHideFlags: 0
  m_PrefabParentObject: {fileID: 100004, guid: e290ab5dc30874f9eaaa9611389f3e53, type: 2}
  m_PrefabInternal: {fileID: 947874389}
  serializedVersion: 4
  m_Component:
  - 4: {fileID: 577834487}
  - 212: {fileID: 577834488}
  m_Layer: 0
  m_Name: background
  m_TagString: Untagged
  m_Icon: {fileID: 0}
  m_NavMeshLayer: 0
  m_StaticEditorFlags: 0
  m_IsActive: 1
--- !u!4 &577834487
Transform:
  m_ObjectHideFlags: 0
  m_PrefabParentObject: {fileID: 400004, guid: e290ab5dc30874f9eaaa9611389f3e53, type: 2}
  m_PrefabInternal: {fileID: 947874389}
  m_GameObject: {fileID: 577834486}
  m_LocalRotation: {x: 0, y: 0, z: 0, w: 1}
  m_LocalPosition: {x: 0, y: 0, z: 0}
  m_LocalScale: {x: 2, y: 2, z: 1}
  m_Children: []
  m_Father: {fileID: 1452640095}
  m_RootOrder: 2
--- !u!212 &577834488
SpriteRenderer:
  m_ObjectHideFlags: 0
  m_PrefabParentObject: {fileID: 21200002, guid: e290ab5dc30874f9eaaa9611389f3e53,
    type: 2}
  m_PrefabInternal: {fileID: 947874389}
  m_GameObject: {fileID: 577834486}
  m_Enabled: 1
  m_CastShadows: 0
  m_ReceiveShadows: 0
  m_LightmapIndex: 255
  m_LightmapTilingOffset: {x: 1, y: 1, z: 0, w: 0}
  m_Materials:
  - {fileID: 10754, guid: 0000000000000000e000000000000000, type: 0}
  m_SubsetIndices: 
  m_StaticBatchRoot: {fileID: 0}
  m_UseLightProbes: 0
  m_LightProbeAnchor: {fileID: 0}
  m_ScaleInLightmap: 1
  m_SortingLayerID: 169568435
  m_SortingOrder: 0
  m_Sprite: {fileID: 21300000, guid: cdd1e0e73a7164a2c92450e225c766e0, type: 3}
  m_Color: {r: 1, g: 1, b: 1, a: 1}
--- !u!1001 &947874389
Prefab:
  m_ObjectHideFlags: 0
  serializedVersion: 2
  m_Modification:
    m_TransformParent: {fileID: 0}
    m_Modifications:
    - target: {fileID: 400000, guid: e290ab5dc30874f9eaaa9611389f3e53, type: 2}
      propertyPath: m_LocalPosition.x
      value: 0
      objectReference: {fileID: 0}
    - target: {fileID: 400000, guid: e290ab5dc30874f9eaaa9611389f3e53, type: 2}
      propertyPath: m_LocalPosition.y
      value: 0
      objectReference: {fileID: 0}
    - target: {fileID: 400000, guid: e290ab5dc30874f9eaaa9611389f3e53, type: 2}
      propertyPath: m_LocalPosition.z
      value: 0
      objectReference: {fileID: 0}
    - target: {fileID: 400000, guid: e290ab5dc30874f9eaaa9611389f3e53, type: 2}
      propertyPath: m_LocalRotation.x
      value: 0
      objectReference: {fileID: 0}
    - target: {fileID: 400000, guid: e290ab5dc30874f9eaaa9611389f3e53, type: 2}
      propertyPath: m_LocalRotation.y
      value: 0
      objectReference: {fileID: 0}
    - target: {fileID: 400000, guid: e290ab5dc30874f9eaaa9611389f3e53, type: 2}
      propertyPath: m_LocalRotation.z
      value: 0
      objectReference: {fileID: 0}
    - target: {fileID: 400000, guid: e290ab5dc30874f9eaaa9611389f3e53, type: 2}
      propertyPath: m_LocalRotation.w
      value: 1
      objectReference: {fileID: 0}
    - target: {fileID: 400000, guid: e290ab5dc30874f9eaaa9611389f3e53, type: 2}
      propertyPath: m_RootOrder
      value: 0
      objectReference: {fileID: 0}
    m_RemovedComponents: []
  m_ParentPrefab: {fileID: 100100000, guid: e290ab5dc30874f9eaaa9611389f3e53, type: 2}
  m_RootGameObject: {fileID: 1452640094}
  m_IsPrefabParent: 0
  m_IsExploded: 1
--- !u!1 &1452640094
GameObject:
  m_ObjectHideFlags: 0
  m_PrefabParentObject: {fileID: 100000, guid: e290ab5dc30874f9eaaa9611389f3e53, type: 2}
  m_PrefabInternal: {fileID: 947874389}
  serializedVersion: 4
  m_Component:
  - 4: {fileID: 1452640095}
  - 114: {fileID: 1452640097}
  - 114: {fileID: 1452640099}
  - 114: {fileID: 1452640098}
  - 82: {fileID: 1452640096}
  m_Layer: 0
  m_Name: Main
  m_TagString: Untagged
  m_Icon: {fileID: 0}
  m_NavMeshLayer: 0
  m_StaticEditorFlags: 0
  m_IsActive: 1
--- !u!4 &1452640095
Transform:
  m_ObjectHideFlags: 0
  m_PrefabParentObject: {fileID: 400000, guid: e290ab5dc30874f9eaaa9611389f3e53, type: 2}
  m_PrefabInternal: {fileID: 947874389}
  m_GameObject: {fileID: 1452640094}
  m_LocalRotation: {x: 0, y: 0, z: 0, w: 1}
  m_LocalPosition: {x: 0, y: 0, z: 0}
  m_LocalScale: {x: 1, y: 1, z: 1}
  m_Children:
  - {fileID: 1691100017}
  - {fileID: 345245957}
  - {fileID: 577834487}
  m_Father: {fileID: 0}
  m_RootOrder: 0
--- !u!82 &1452640096
AudioSource:
  m_ObjectHideFlags: 0
  m_PrefabParentObject: {fileID: 8200000, guid: e290ab5dc30874f9eaaa9611389f3e53,
    type: 2}
  m_PrefabInternal: {fileID: 947874389}
  m_GameObject: {fileID: 1452640094}
  m_Enabled: 1
  serializedVersion: 3
  m_audioClip: {fileID: 8300000, guid: a2b94985a5ba249d7b436a8c959fb746, type: 3}
  m_PlayOnAwake: 1
  m_Volume: 1
  m_Pitch: 1
  Loop: 1
  Mute: 0
  Priority: 128
  DopplerLevel: 1
  MinDistance: 1
  MaxDistance: 500
  Pan2D: 0
  rolloffMode: 0
  BypassEffects: 0
  BypassListenerEffects: 0
  BypassReverbZones: 0
  rolloffCustomCurve:
    serializedVersion: 2
    m_Curve:
    - time: 0
      value: 1
      inSlope: 0
      outSlope: 0
      tangentMode: 0
    - time: 1
      value: 0
      inSlope: 0
      outSlope: 0
      tangentMode: 0
    m_PreInfinity: 2
    m_PostInfinity: 2
  panLevelCustomCurve:
    serializedVersion: 2
    m_Curve:
    - time: 0
      value: 1
      inSlope: 0
      outSlope: 0
      tangentMode: 0
    m_PreInfinity: 2
    m_PostInfinity: 2
  spreadCustomCurve:
    serializedVersion: 2
    m_Curve:
    - time: 0
      value: 0
      inSlope: 0
      outSlope: 0
      tangentMode: 0
    m_PreInfinity: 2
    m_PostInfinity: 2
--- !u!114 &1452640097
MonoBehaviour:
  m_ObjectHideFlags: 0
  m_PrefabParentObject: {fileID: 11400000, guid: e290ab5dc30874f9eaaa9611389f3e53,
    type: 2}
  m_PrefabInternal: {fileID: 947874389}
  m_GameObject: {fileID: 1452640094}
  m_Enabled: 1
  m_EditorHideFlags: 0
  m_Script: {fileID: 11500000, guid: 6ad51b4560b0e41698f434f3e031e2a1, type: 3}
  m_Name: 
  m_EditorClassIdentifier: 
  scoreToWin: 10
  randomNextLevel: 0
--- !u!114 &1452640098
MonoBehaviour:
  m_ObjectHideFlags: 0
  m_PrefabParentObject: {fileID: 11400002, guid: e290ab5dc30874f9eaaa9611389f3e53,
    type: 2}
  m_PrefabInternal: {fileID: 947874389}
  m_GameObject: {fileID: 1452640094}
  m_Enabled: 1
  m_EditorHideFlags: 0
  m_Script: {fileID: 11500000, guid: 18feb272c089144139f5d8643cbbf061, type: 3}
  m_Name: 
  m_EditorClassIdentifier: 
  textWin: you win!
  textLose: you lose!
  textRetry: play again
  textNext: next
  winTexture: {fileID: 2800000, guid: 5d00d3d0dbe2a476380ee1de38569d37, type: 3}
  loseTexture: {fileID: 2800000, guid: 0dc14e8e1fbfa4336a1bdb3eff9562d4, type: 3}
  scoreStyle:
    m_Name: Score
    m_Normal:
      m_Background: {fileID: 0}
      m_TextColor: {r: 0, g: 0, b: 0, a: 1}
    m_Hover:
      m_Background: {fileID: 0}
      m_TextColor: {r: 0, g: 0, b: 0, a: 1}
    m_Active:
      m_Background: {fileID: 0}
      m_TextColor: {r: 0, g: 0, b: 0, a: 1}
    m_Focused:
      m_Background: {fileID: 0}
      m_TextColor: {r: 0, g: 0, b: 0, a: 1}
    m_OnNormal:
      m_Background: {fileID: 0}
      m_TextColor: {r: 0, g: 0, b: 0, a: 1}
    m_OnHover:
      m_Background: {fileID: 0}
      m_TextColor: {r: 0, g: 0, b: 0, a: 1}
    m_OnActive:
      m_Background: {fileID: 0}
      m_TextColor: {r: 0, g: 0, b: 0, a: 1}
    m_OnFocused:
      m_Background: {fileID: 0}
      m_TextColor: {r: 0, g: 0, b: 0, a: 1}
    m_Border:
      m_Left: 0
      m_Right: 0
      m_Top: 0
      m_Bottom: 0
    m_Margin:
      m_Left: 0
      m_Right: 0
      m_Top: 0
      m_Bottom: 0
    m_Padding:
      m_Left: 0
      m_Right: 0
      m_Top: 0
      m_Bottom: 0
    m_Overflow:
      m_Left: 0
      m_Right: 0
      m_Top: 0
      m_Bottom: 0
    m_Font: {fileID: 12800000, guid: 1dc1926f1405e40509106725df8bf00a, type: 3}
    m_FontSize: 25
    m_FontStyle: 0
    m_Alignment: 0
    m_WordWrap: 0
    m_RichText: 1
    m_TextClipping: 0
    m_ImagePosition: 0
    m_ContentOffset: {x: 0, y: 0}
    m_FixedWidth: 0
    m_FixedHeight: 0
    m_StretchWidth: 1
    m_StretchHeight: 0
  alertStyle:
    m_Name: Alert
    m_Normal:
      m_Background: {fileID: 0}
      m_TextColor: {r: 0, g: 0, b: 0, a: 1}
    m_Hover:
      m_Background: {fileID: 0}
      m_TextColor: {r: 0, g: 0, b: 0, a: 1}
    m_Active:
      m_Background: {fileID: 0}
      m_TextColor: {r: 0, g: 0, b: 0, a: 1}
    m_Focused:
      m_Background: {fileID: 0}
      m_TextColor: {r: .389705896, g: .389705896, b: .389705896, a: 1}
    m_OnNormal:
      m_Background: {fileID: 0}
      m_TextColor: {r: 0, g: 0, b: 0, a: 1}
    m_OnHover:
      m_Background: {fileID: 0}
      m_TextColor: {r: 0, g: 0, b: 0, a: 1}
    m_OnActive:
      m_Background: {fileID: 0}
      m_TextColor: {r: 0, g: 0, b: 0, a: 1}
    m_OnFocused:
      m_Background: {fileID: 0}
      m_TextColor: {r: 0, g: 0, b: 0, a: 1}
    m_Border:
      m_Left: 0
      m_Right: 0
      m_Top: 0
      m_Bottom: 0
    m_Margin:
      m_Left: 0
      m_Right: 0
      m_Top: 0
      m_Bottom: 0
    m_Padding:
      m_Left: 0
      m_Right: 0
      m_Top: 0
      m_Bottom: 0
    m_Overflow:
      m_Left: 0
      m_Right: 0
      m_Top: 0
      m_Bottom: 0
    m_Font: {fileID: 12800000, guid: 1dc1926f1405e40509106725df8bf00a, type: 3}
    m_FontSize: 60
    m_FontStyle: 0
    m_Alignment: 4
    m_WordWrap: 1
    m_RichText: 1
    m_TextClipping: 0
    m_ImagePosition: 0
    m_ContentOffset: {x: 0, y: 0}
    m_FixedWidth: 0
    m_FixedHeight: 0
    m_StretchWidth: 1
    m_StretchHeight: 0
  buttonStyle:
    m_Name: 
    m_Normal:
      m_Background: {fileID: 2800000, guid: a8e456d8787664f0e82bc5e2817c65dd, type: 3}
      m_TextColor: {r: 0, g: 0, b: 0, a: 1}
    m_Hover:
      m_Background: {fileID: 2800000, guid: a8e456d8787664f0e82bc5e2817c65dd, type: 3}
      m_TextColor: {r: 1, g: 1, b: 1, a: 1}
    m_Active:
      m_Background: {fileID: 2800000, guid: a8e456d8787664f0e82bc5e2817c65dd, type: 3}
      m_TextColor: {r: 1, g: 1, b: 1, a: 1}
    m_Focused:
      m_Background: {fileID: 2800000, guid: a8e456d8787664f0e82bc5e2817c65dd, type: 3}
      m_TextColor: {r: 1, g: 1, b: 1, a: 1}
    m_OnNormal:
      m_Background: {fileID: 0}
      m_TextColor: {r: 0, g: 0, b: 0, a: 1}
    m_OnHover:
      m_Background: {fileID: 0}
      m_TextColor: {r: 0, g: 0, b: 0, a: 1}
    m_OnActive:
      m_Background: {fileID: 0}
      m_TextColor: {r: 0, g: 0, b: 0, a: 1}
    m_OnFocused:
      m_Background: {fileID: 0}
      m_TextColor: {r: 0, g: 0, b: 0, a: 1}
    m_Border:
      m_Left: 0
      m_Right: 0
      m_Top: 0
      m_Bottom: 0
    m_Margin:
      m_Left: 0
      m_Right: 0
      m_Top: 0
      m_Bottom: 0
    m_Padding:
      m_Left: 0
      m_Right: 0
      m_Top: 0
      m_Bottom: 10
    m_Overflow:
      m_Left: 0
      m_Right: 0
      m_Top: 0
      m_Bottom: 0
    m_Font: {fileID: 12800000, guid: 1dc1926f1405e40509106725df8bf00a, type: 3}
    m_FontSize: 25
    m_FontStyle: 0
    m_Alignment: 4
    m_WordWrap: 0
    m_RichText: 1
    m_TextClipping: 0
    m_ImagePosition: 0
    m_ContentOffset: {x: 0, y: 0}
    m_FixedWidth: 0
    m_FixedHeight: 0
    m_StretchWidth: 1
    m_StretchHeight: 1
--- !u!114 &1452640099
MonoBehaviour:
  m_ObjectHideFlags: 0
  m_PrefabParentObject: {fileID: 11400004, guid: e290ab5dc30874f9eaaa9611389f3e53,
    type: 2}
  m_PrefabInternal: {fileID: 947874389}
  m_GameObject: {fileID: 1452640094}
  m_Enabled: 1
  m_EditorHideFlags: 0
  m_Script: {fileID: 11500000, guid: a62238e717c234718b191222199a6243, type: 3}
  m_Name: 
  m_EditorClassIdentifier: 
  gameTime: 5
  timerSprite: {fileID: 345245955}
--- !u!1 &1655844617
GameObject:
  m_ObjectHideFlags: 0
  m_PrefabParentObject: {fileID: 0}
  m_PrefabInternal: {fileID: 0}
  serializedVersion: 4
  m_Component:
  - 4: {fileID: 1655844618}
  - 212: {fileID: 1655844621}
  - 114: {fileID: 1655844620}
  - 114: {fileID: 1655844619}
  - 114: {fileID: 1655844622}
  m_Layer: 0
  m_Name: Keys_K
  m_TagString: Untagged
  m_Icon: {fileID: 0}
  m_NavMeshLayer: 0
  m_StaticEditorFlags: 0
  m_IsActive: 1
--- !u!4 &1655844618
Transform:
  m_ObjectHideFlags: 0
  m_PrefabParentObject: {fileID: 0}
  m_PrefabInternal: {fileID: 0}
  m_GameObject: {fileID: 1655844617}
  m_LocalRotation: {x: 0, y: 0, z: 0, w: 1}
  m_LocalPosition: {x: -1, y: 0, z: 0}
  m_LocalScale: {x: 1, y: 1, z: 1}
  m_Children: []
  m_Father: {fileID: 174216092}
  m_RootOrder: 0
--- !u!114 &1655844619
MonoBehaviour:
  m_ObjectHideFlags: 0
  m_PrefabParentObject: {fileID: 0}
  m_PrefabInternal: {fileID: 0}
  m_GameObject: {fileID: 1655844617}
  m_Enabled: 1
  m_EditorHideFlags: 0
  m_Script: {fileID: 11500000, guid: deafd4a1e364d4cde943eed23acfa3f5, type: 3}
  m_Name: 
  m_EditorClassIdentifier: 
  points: 3
--- !u!114 &1655844620
MonoBehaviour:
  m_ObjectHideFlags: 0
  m_PrefabParentObject: {fileID: 0}
  m_PrefabInternal: {fileID: 0}
  m_GameObject: {fileID: 1655844617}
  m_Enabled: 1
  m_EditorHideFlags: 0
  m_Script: {fileID: 11500000, guid: 80470dc46d9a14a4dab9e3e7c01c3ead, type: 3}
  m_Name: 
  m_EditorClassIdentifier: 
  key: k
  event: 0
  otherObj: {fileID: 0}
--- !u!212 &1655844621
SpriteRenderer:
  m_ObjectHideFlags: 0
  m_PrefabParentObject: {fileID: 0}
  m_PrefabInternal: {fileID: 0}
  m_GameObject: {fileID: 1655844617}
  m_Enabled: 1
  m_CastShadows: 0
  m_ReceiveShadows: 0
  m_LightmapIndex: 255
  m_LightmapTilingOffset: {x: 1, y: 1, z: 0, w: 0}
  m_Materials:
  - {fileID: 10754, guid: 0000000000000000e000000000000000, type: 0}
  m_SubsetIndices: 
  m_StaticBatchRoot: {fileID: 0}
  m_UseLightProbes: 0
  m_LightProbeAnchor: {fileID: 0}
  m_ScaleInLightmap: 1
  m_SortingLayerID: 0
  m_SortingOrder: 0
  m_Sprite: {fileID: 21300000, guid: 9fd3ad00a6f4c4b8c9b631104cd91534, type: 3}
  m_Color: {r: 1, g: 1, b: 1, a: 1}
--- !u!114 &1655844622
MonoBehaviour:
  m_ObjectHideFlags: 0
  m_PrefabParentObject: {fileID: 0}
  m_PrefabInternal: {fileID: 0}
  m_GameObject: {fileID: 1655844617}
  m_Enabled: 1
  m_EditorHideFlags: 0
  m_Script: {fileID: 11500000, guid: 43f82d9ce92624e1bac5103ad642915d, type: 3}
  m_Name: 
  m_EditorClassIdentifier: 
--- !u!1 &1691100016
GameObject:
  m_ObjectHideFlags: 0
  m_PrefabParentObject: {fileID: 100006, guid: e290ab5dc30874f9eaaa9611389f3e53, type: 2}
  m_PrefabInternal: {fileID: 947874389}
  serializedVersion: 4
  m_Component:
  - 4: {fileID: 1691100017}
  - 20: {fileID: 1691100021}
  - 92: {fileID: 1691100020}
  - 124: {fileID: 1691100019}
  - 81: {fileID: 1691100018}
  m_Layer: 0
  m_Name: Main Camera
  m_TagString: MainCamera
  m_Icon: {fileID: 0}
  m_NavMeshLayer: 0
  m_StaticEditorFlags: 0
  m_IsActive: 1
--- !u!4 &1691100017
Transform:
  m_ObjectHideFlags: 0
  m_PrefabParentObject: {fileID: 400006, guid: e290ab5dc30874f9eaaa9611389f3e53, type: 2}
  m_PrefabInternal: {fileID: 947874389}
  m_GameObject: {fileID: 1691100016}
  m_LocalRotation: {x: 0, y: 0, z: 0, w: 1}
  m_LocalPosition: {x: 0, y: 0, z: -10}
  m_LocalScale: {x: 1, y: 1, z: 1}
  m_Children: []
  m_Father: {fileID: 1452640095}
  m_RootOrder: 0
--- !u!81 &1691100018
AudioListener:
  m_ObjectHideFlags: 0
  m_PrefabParentObject: {fileID: 8100000, guid: e290ab5dc30874f9eaaa9611389f3e53,
    type: 2}
  m_PrefabInternal: {fileID: 947874389}
  m_GameObject: {fileID: 1691100016}
  m_Enabled: 1
--- !u!124 &1691100019
Behaviour:
  m_ObjectHideFlags: 0
  m_PrefabParentObject: {fileID: 12400000, guid: e290ab5dc30874f9eaaa9611389f3e53,
    type: 2}
  m_PrefabInternal: {fileID: 947874389}
  m_GameObject: {fileID: 1691100016}
  m_Enabled: 1
--- !u!92 &1691100020
Behaviour:
  m_ObjectHideFlags: 0
  m_PrefabParentObject: {fileID: 9200000, guid: e290ab5dc30874f9eaaa9611389f3e53,
    type: 2}
  m_PrefabInternal: {fileID: 947874389}
  m_GameObject: {fileID: 1691100016}
  m_Enabled: 1
--- !u!20 &1691100021
Camera:
  m_ObjectHideFlags: 0
  m_PrefabParentObject: {fileID: 2000000, guid: e290ab5dc30874f9eaaa9611389f3e53,
    type: 2}
  m_PrefabInternal: {fileID: 947874389}
  m_GameObject: {fileID: 1691100016}
  m_Enabled: 1
  serializedVersion: 2
  m_ClearFlags: 1
  m_BackGroundColor: {r: .588235259, g: .588235259, b: .588235259, a: .0196078438}
  m_NormalizedViewPortRect:
    serializedVersion: 2
    x: 0
    y: 0
    width: 1
    height: 1
  near clip plane: .300000012
  far clip plane: 1000
  field of view: 60
  orthographic: 1
  orthographic size: 5
  m_Depth: -1
  m_CullingMask:
    serializedVersion: 2
    m_Bits: 4294967295
  m_RenderingPath: -1
  m_TargetTexture: {fileID: 0}
  m_TargetDisplay: 0
  m_HDR: 0
  m_OcclusionCulling: 1
  m_StereoConvergence: 10
  m_StereoSeparation: .0219999999
